@book{bog1,
    title=       {titel},
    author=      {forfatter},
    series=      {bogserie},
    volume=      {bogens nummer i serie},
    isbn=        {Nummer ved stregkoden},
    year=        {årstal},
    publisher=   {udgiver},
    edition=	 {udgave},
}   


@article{Artikel1,
  author  = {forfatter}, 
  title   = {titel },
  journal = {tidsskrift},
  year    = år,
  number  = nummer,
  pages   = {1-5},
  month   = måned
}

@misc {hjemmseide1,
    title = {titel},
    author = {forfatter},
    year = {årstal}, 
    month = {måned},
    howpublished = {navn på hjemmside},
    note = {url},
}

